
@ARTICLE{Bloechl94,
   author = {{Bl\"{o}chl}, P.~E.},
    title = "{Projector augmented-wave method}",
  journal = {Phys. Rev. B},
     year = 1994,
   volume = 50,
    pages = {17953-17979},
      doi = {10.1103/PhysRevB.50.17953}
}
@Article{Geneste12,
  Author         = {G. Geneste and M. Torrent and F. Bottin and P. Loubeyre},
  Title          = {},
  Journal        = {Phys. Rev. Letters},
  Volume         = {109},
  Pages          = {155303},
  year           = {2012},
}
@Article{Geneste15,
  Author         = {G. Geneste and A. Ottochian and J. Hermet and G. Dezanneau},
  Title          = {},
  Journal        = {Phys. Chem. Chem. Phys.},
  Volume         = {17},
  Pages          = {19104},
  year           = {2015},
}
@Article{Gillet2015,
  Title                    = {Efficient Interpolation Technique for 
Bethe-Salpeter Calculation of Optical Spectra},
  Author                   = {Gillet, Y. and Giantomassi, M. and Gonze, X.},
  Year                     = {2015},
  Note                     = {In preparation},

  Owner                    = {yannick},
  Timestamp                = {2015.08.27}
}

@ARTICLE{GNU,
author = {http://www.gnu.org/copyleft/gpl.txt},
}
@Article{Gonze02,
  author ={X. Gonze and J.-M. Beuken and R. Caracas and F. Detraux and M. Fuchs and G.-M. Rignanese and L. Sindic and M. Verstraete and G. Zerah and F. Jollet and M. Torrent and A. Roy and M. Mikami and Ph. Ghosez and J.-Y. Raty and D.C. Allan},
  journal ={Comp. Mat. Science},
  volume={25},
  pages={478--492},
  year={2002},
  title={First-principles computation of material properties : the ABINIT software project}
}
@Article{Gonze05,
  author ={ X. Gonze and -M. Rignanese and M. Verstraete and J.-M. Beuken and Y. Pouillon and R. Caracas and F. Jollet and M. Torrent and G. Zerah and M. Mikami and Ph. Ghosez and M. Veithen and J.-Y. Raty and V. Olevano and F. Bruneval and L. Reining and R. Godby and G. Onida and D.R. Hamann an D.C. Allan},
  journal ={Zeit. Kristallogr},
  volume={220},
  pages={558-562},
  year={2005},
  title={A brief introduction to the ABINIT software package}
}
@Article{Gonze09,
  author ={X. Gonze and B. Amadon and P.-M. Anglade and  J.-M. Beuken and F. Bottin and P. Boulanger and F. Bruneval and D. Caliste and R. Caracas and M. C\^{o}t\'{e} and T. Deutsch and L. Genovese and Ph. Ghosez and M. Giantomassi and S. Goedecker and D.R. Hamann and P. Hermet and F. Jollet and G. Jomard and S. Leroux and M. Mancini and S. Mazevet and M.J.T. Oliveira and G. Onida and Y. Pouillon and T. Rangel and G.-M. Rignanese and D. Sangalli and R. Shaltaf and M. Torrent and M.J. Verstraete and G. Zerah and J.W. Zwanziger },
  journal ={Computer Physics Communications},
  volume={180},
  pages={2582-2615},
  year={2009},
  title={ABINIT: First-Principle approach to material and nanosystem properties}
}
@Article{Hedin65,
  author ={L. Hedin },
  journal ={Phys. Rev. A},
  volume={139},
  pages={796},
  year={1965}
}
@Article{Hohenberg64,
  title = {Inhomogeneous Electron Gas},
  author = {Hohenberg, P.  and Kohn, W. },
  journal = {Phys. Rev.},
  volume = {136},
  number = {3B},
  pages = {B864--B871},
  year = {1964},
  month = {Nov},
  doi = {10.1103/PhysRev.136.B864},
  publisher = {American Physical Society}
}
@Article{Holzwarth01,
  Author         = {N.A.W. Holzwarth and A.R. Tackett and G.E. Matthews },
  Title          = {A Projector Augmented Wave (PAW) code for electronic structure calculations, Part I:atompaw for generating atom-centered functions},
  Journal        = {Computer Physics Communications},
  Volume         = {135},
  Pages          = {329},
  year           = 2001,
}
@Article{Jollet14,
  author ={F. Jollet and M. Torrent and N. Holzwarth},
  journal ={Computer Physics Communications},
  volume={185},
  pages={1246-1254},
  year={2014},
  title={Generation of Projector Augmented-Wave atomic data: a 71 element validated table in the XML format}
}
@Article{Kohn65,
  title = {Self-Consistent Equations Including Exchange and Correlation Effects},
  author = {Kohn, W.  and Sham, L. J.},
  journal = {Phys. Rev.},
  volume = {140},
  number = {4A},
  pages = {A1133--A1138},
  year = {1965},
  month = {Nov},
  doi = {10.1103/PhysRev.140.A1133},
  publisher = {American Physical Society}
}
@Article{Lejaeghere14,
  Author         = {K. Lejaeghere and V. {Van Speybroeck} and G. {Van Oost} and S. Cottenier},
  Title          = {Error estimates for solid-state density-functional theory predictions: an overview by means of the ground-state elemental crystals},
  Journal        = {Crit. Rev. Solid State Mater. Sci.},
  Volume         = {39},
  Pages          = {1},
  year           = 2014
}
@Article{Marx96,
  Author         = {D. Marx  and M. Parrinello},
  Title          = {},
  Journal        = {J. Chem. Phys.},
  Volume         = {104},
  Pages          = {4077},
  year           = {1996}
}
@Article{Onida2002,
  Title                    = {Electronic excitations: density-functional versus 
many-body Green's-function approaches},
  Author                   = {Onida, Giovanni and Reining, Lucia and Rubio, 
Angel},
  Journal                  = {Rev. Mod. Phys.},
  Year                     = {2002},
  Pages                    = {601--659},
  Volume                   = {74},

  Doi                      = {10.1103/RevModPhys.74.601},
  File                     = 
{Onida2002.pdf:Onida2002.pdf:PDF;Onida2002.pdf:Onida2002.pdf:PDF},
  Issue                    = {2},
  Publisher                = {American Physical Society},
  Url                      = {http://link.aps.org/doi/10.1103/RevModPhys.74.601}
}


@Article{Rohlfing2000,
  Title                    = {Electron-hole excitations and optical spectra from 
first principles},
  Author                   = {Rohlfing, Michael and Louie, Steven G.},
  Journal                  = {Phys. Rev. B},
  Year                     = {2000},
  Pages                    = {4927--4944},
  Volume                   = {62},

  Doi                      = {10.1103/PhysRevB.62.4927},
  File                     = 
{Rohlfing2000.pdf:Rohlfing2000.pdf:PDF;Rohlfing2000.pdf:Rohlfing2000.pdf:PDF},
  Issue                    = {8},
  Publisher                = {American Physical Society},
  Url                      = {http://link.aps.org/doi/10.1103/PhysRevB.62.4927}
}

@Article{Tuckerman96,
  Author         = {M. E. Tuckerman and D. Marx and M. L. Klein and M. Parrinello},
  Title          = {},
  Journal        = {J. Chem. Phys.},
  Volume         = {104},
  Pages          = {5579},
  year           = {1996}
}
@Article{web3,
  Author         = {http://abinit.org/downloads/PAW2},
  Title          = {},
  Journal        = {},
  Volume         = {},
  Pages          = {}
}
@Article{XML,
  Author         = {http://esl.cecam.org/mediawiki/index.php/Paw-xml},
  Title          = {},
  Journal        = {},
  Volume         = {},
  Pages          = {}
}









